
@book{Ahlers2019,
  title = {Political Inclusion in Contemporary {{China}}},
  author = {Ahlers, Anna L.},
  year = {2019},
  publisher = {{Taylor \& Francis}},
  file = {/Users/sunyufei/Zotero/storage/X32G6ZUI/Ahlers - 2019 - Political inclusion in contemporary China.pdf}
}

@article{ChenJiaJian2013,
  title = {项目制与基层政府动员\textemdash\textemdash 对社会管理项目化运作的社会学考察},
  author = {{陈家建}},
  year = {2013},
  journal = {中国社会科学},
  volume = {2},
  pages = {64--79},
  file = {/Users/sunyufei/Zotero/storage/W9CYU4CA/MIT.html}
}

@article{ChenJiaJian2015,
  title = {督查机制: 科层运动化的实践渠道},
  shorttitle = {督查机制},
  author = {{陈家建}},
  year = {2015},
  journal = {公共行政评论},
  volume = {2},
  number = {5},
  pages = {21},
  publisher = {{广东是出版集团有限公司| 广东省行政体制改革研究中心}},
  file = {/Users/sunyufei/Zotero/storage/D32Q8TJ6/陈家建 - 2015 - 督查机制 科层运动化的实践渠道.pdf}
}

@article{DolowitzMarsh1996,
  title = {Who {{Learns What}} from {{Whom}}: A {{Review}} of the {{Policy Transfer Literature}}},
  shorttitle = {Who {{Learns What}} from {{Whom}}},
  author = {Dolowitz, David and Marsh, David},
  year = {1996},
  month = jun,
  journal = {Political Studies},
  volume = {44},
  number = {2},
  pages = {343--357},
  publisher = {{SAGE Publications Ltd}},
  issn = {0032-3217},
  doi = {10.1111/j.1467-9248.1996.tb00334.x},
  langid = {english}
}

@article{Edin2003,
  title = {State Capacity and Local Agent Control in {{China}}: {{CCP}} Cadre Management from a Township Perspective},
  shorttitle = {State Capacity and Local Agent Control in {{China}}},
  author = {Edin, Maria},
  year = {2003},
  journal = {China Q.},
  pages = {35},
  publisher = {{HeinOnline}},
  file = {/Users/sunyufei/Zotero/storage/7L7W8AG4/Edin - 2003 - State capacity and local agent control in China C.pdf}
}

@article{FengShiZheng2014,
  title = {政治市场想象与中国国家治理分析\textemdash\textemdash 兼评周黎安的行政发包制理论},
  author = {{冯仕政}},
  year = {2014},
  journal = {社会},
  volume = {34},
  number = {6},
  pages = {70--84}
}

@article{Gilardi2010,
  title = {Who Learns from What in Policy Diffusion Processes?},
  author = {Gilardi, Fabrizio},
  year = {2010},
  journal = {American journal of political science},
  volume = {54},
  number = {3},
  pages = {650--666},
  publisher = {{Wiley Online Library}},
  isbn = {0092-5853}
}

@article{GrahamEtAl2013a,
  title = {The {{Diffusion}} of {{Policy Diffusion Research}} in {{Political Science}}},
  author = {Graham, Erin R. and Shipan, Charles R. and Volden, Craig},
  year = {2013},
  month = jul,
  journal = {British Journal of Political Science},
  volume = {43},
  number = {3},
  pages = {673--701},
  publisher = {{Cambridge University Press}},
  issn = {0007-1234, 1469-2112},
  doi = {10.1017/S0007123412000415},
  abstract = {Over the past fifty years, top political science journals have published hundreds of articles about policy diffusion. This article reports on network analyses of how the ideas and approaches in these articles have spread both within and across the subfields of American politics, comparative politics and international relations. Then, based on a survey of the literature, the who, what, when, where, how and why of policy diffusion are addressed in order to identify and assess some of the main contributions and omissions in current scholarship. It is argued that studies of diffusion would benefit from paying more attention to developments in other subfields and from taking a more systematic approach to tackling the questions of when and how policy diffusion takes place.},
  langid = {english},
  file = {/Users/sunyufei/Zotero/storage/8U8PNG82/Graham et al_2013_The Diffusion of Policy Diffusion Research in Political Science.pdf}
}

@article{GrossbackEtAl2004,
  title = {Ideology and Learning in Policy Diffusion},
  author = {Grossback, Lawrence J. and {Nicholson-Crotty}, Sean and Peterson, David AM},
  year = {2004},
  journal = {American Politics Research},
  volume = {32},
  number = {5},
  pages = {521--545},
  publisher = {{Sage Publications Sage CA: Thousand Oaks, CA}},
  isbn = {1532-673X}
}

@article{Guo2020,
  title = {A {{Partocracy}} with {{Chinese Characteristics}}: Governance {{System Reform}} under {{Xi Jinping}}},
  shorttitle = {A {{Partocracy}} with {{Chinese Characteristics}}},
  author = {Guo, Baogang},
  year = {2020},
  journal = {Journal of Contemporary China},
  volume = {29},
  number = {126},
  pages = {809--823},
  publisher = {{Taylor \& Francis}},
  file = {/Users/sunyufei/Zotero/storage/FCZGGKX5/MIT.html}
}

@article{HuangXiaoChun2017,
  title = {当前城市基层政府改革的深层挑战\textemdash\textemdash 基于机制分析的视角},
  author = {{黄晓春}},
  year = {2017},
  journal = {江苏行政学院学报},
  volume = {3}
}

@book{HuberShipan2002,
  title = {Deliberate Discretion?: The Institutional Foundations of Bureaucratic Autonomy},
  author = {Huber, John D. and Shipan, Charles R.},
  year = {2002},
  publisher = {{Cambridge University Press}},
  isbn = {0-521-52070-3}
}

@article{JingYueJin2018,
  title = {中国农村基层治理的逻辑转换\textemdash\textemdash 国家与乡村社会关系的再思考},
  author = {{景跃进}},
  year = {2018},
  journal = {中共浙江省委党校学报},
  volume = {1}
}

@book{KingdonStano1984,
  title = {Agendas, Alternatives, and Public Policies},
  author = {Kingdon, John W. and Stano, Eric},
  year = {1984},
  volume = {45},
  publisher = {{Little, Brown Boston}}
}

@article{LiZhen2014,
  title = {推动政策的执行: 中国政治运作中的工作组模式研究},
  shorttitle = {推动政策的执行},
  author = {{李振}},
  year = {2014},
  journal = {政治学研究},
  volume = {2}
}

@article{LiZhenEtAl2020,
  title = {``条块并举''发包制下的基层治理\textemdash\textemdash{{以T区乡镇政府的精准扶贫工作为例}}},
  author = {李振 and 王浩瑜 and 孙宇飞 and 牛童 and 徐雅静},
  year = {2020},
  journal = {公共行政评论},
  volume = {13},
  number = {03},
  pages = {102-117+196-197},
  abstract = {【问题】有关中国基层政府治理实践的已有研究提出了行政发包制(适用于块块维度)和"控制权"理论(适用于条条维度)两种视角,但实践中的基层政府会同时承接来自上级政府和各个部门的发包。近年来,中央启动的一系列改革举措改变了既有发包制的运行。那么,如何概括变化之后的基层政府治理实践呢?【方法】以T区所辖乡镇的精准扶贫工作为个案,在实地调查和深入访谈的基础上,详细呈现了当下基层政府治理的新特征。【发现】中央层面近年来发起的一系列改革举措从三个维度改变了发包制的运行,它们包括行政权限的分配、内部控制和检查验收机制的运行,以及激励机制的设置;这就导致了既有理论模型与现实的偏离。【结论】论文提出了一个新的"条块并举"式发包制的分析框架。这一框架可以很好地概括近年来基层政府治理实践的新特征,并有助于我们理解精准扶贫相关实践中的矛盾现象。},
  isbn = {1674-2486},
  lccn = {44-1648/D},
  keywords = {发包制;基层治理;精准扶贫}
}

@article{LuoZhe2021,
  title = {基层自我加压的动机与逻辑},
  author = {罗哲},
  year = {2021},
  journal = {人民论坛},
  number = {09},
  pages = {24--27},
  abstract = {"主动加码"是下级部门应对政策张力的一种常见策略,体现了地方自主性与积极性。符合实际的"主动加码"有助于政策目标的实现和优化,而盲目"加码"则会导致基层陷入形式主义困境。上级部门应正确看待下级的"主动加码"行为,认识和理解其动机与作用逻辑,通过科学合理的政策设计与干部管理对"加码"行为进行有序引导,提高基层治理能力。},
  isbn = {1004-3381},
  lccn = {11-2961/D},
  keywords = {“主动加码”;压力型体制;基层治理}
}

@article{MengTianGuangLiFeng2015,
  title = {网络空间的政治互动: 公民诉求与政府回应性\textemdash\textemdash 基于全国性网络问政平台的大数据分析},
  shorttitle = {网络空间的政治互动},
  author = {{孟天广} and {李锋}},
  year = {2015},
  journal = {清华大学学报 (哲学社会科学版)},
  volume = {30},
  number = {3},
  pages = {17--29},
  file = {/Users/sunyufei/Zotero/storage/LSGKZUF4/MIT.html}
}

@article{MontinolaEtAl1995,
  title = {Federalism, {{Chinese}} Style: The Political Basis for Economic Success in {{China}}},
  shorttitle = {Federalism, {{Chinese}} Style},
  author = {Montinola, Gabriella and Qian, Yingyi and Weingast, Barry R.},
  year = {1995},
  journal = {World politics},
  pages = {50--81},
  publisher = {{JSTOR}},
  file = {/Users/sunyufei/Zotero/storage/5H6K6358/Montinola 等。 - 1995 - Federalism, Chinese style the political basis for.pdf}
}

@article{MostStarr1980,
  title = {Diffusion, Reinforcement, Geopolitics, and the Spread of War},
  author = {Most, Benjamin A. and Starr, Harvey},
  year = {1980},
  journal = {American Political Science Review},
  volume = {74},
  number = {4},
  pages = {932--946},
  publisher = {{Cambridge University Press}},
  isbn = {0003-0554}
}

@article{PengBoZhaoJi2019,
  title = {从增长锦标赛到治理竞赛: 我国城市治理方式的转换及其问题},
  shorttitle = {从增长锦标赛到治理竞赛},
  author = {{彭勃} and {赵吉}},
  year = {2019},
  journal = {内蒙古社会科学 (汉文版)},
  volume = {1},
  pages = {63--67}
}

@article{PengPaiXinWen2021,
  title = {国家卫健委：实事求是学习上海经验},
  author = {澎湃新闻},
  year = {2021},
  month = sep
}

@article{QianXu1993,
  title = {The {{M}}-Form Hierarchy and {{China}}'s Economic Reform},
  author = {Qian, Yingyi and Xu, Chenggang},
  year = {1993},
  journal = {European Economic Review},
  volume = {37},
  number = {2-3},
  pages = {541--548},
  publisher = {{Elsevier}},
  file = {/Users/sunyufei/Zotero/storage/5PLBTZM5/Qian 和 Xu - 1993 - The M-form hierarchy and China's economic reform.pdf}
}

@book{RongJingBen1998,
  title = {从压力型体制向民主合作体制的转变: 县乡两级政治体制改革},
  shorttitle = {从压力型体制向民主合作体制的转变},
  author = {荣敬本},
  year = {1998},
  publisher = {{中央编译出版社}},
  googlebooks = {SrlZAAAAIAAJ},
  isbn = {978-7-80109-249-6},
  langid = {english}
}

@unpublished{Schubert2020,
  type = {49th {{Taiwan}}-{{American Conference}} on {{Contemporary China}}},
  title = {Local {{Governance}} in {{China}} \textendash{} {{A Critical State}}-of-the {{Art Review}}},
  author = {Schubert, Ahlers},
  year = {2020},
  month = dec,
  address = {{Taiwan}},
  abstract = {Scholarship on local governance in China has expanded remarkably over the last four decades. Where earlier studies were mostly interested in grasping the dynamics of central-local relations and bureaucratic behavior, over the course of time, more specific features, like performance evaluation systems or policy implementation processes, came under scholarly scrutiny. New theoretical concepts were introduced to explain phenomena pertaining to local governance and this research became ever more specialized. In this article, written as a state-of-the art review, we trace the trajectories of research on the Chinese policy process in the reform era in two distinct periods, before and after the inauguration of current CCP General Secretary Xi Jinping. By drawing on prominent theoretical and conceptual approaches to understanding and assessing the Chinese policy process in these two periods, we highlight the changes and continuities that Xi's `top-level design' has brought about in local policy-making.}
}

@article{ShipanVolden2006a,
  title = {Bottom-up Federalism: The Diffusion of Antismoking Policies from {{US}} Cities to States},
  author = {Shipan, Charles R. and Volden, Craig},
  year = {2006},
  journal = {American journal of political science},
  volume = {50},
  number = {4},
  pages = {825--843},
  publisher = {{Wiley Online Library}},
  isbn = {0092-5853}
}

@book{Shue1990,
  title = {The Reach of the State: Sketches of the {{Chinese}} Body Politic},
  author = {Shue, Vivienne},
  year = {1990},
  publisher = {{Stanford University Press}},
  isbn = {0-8047-6665-7}
}

@article{TsuiWang2004,
  title = {Between Separate Stoves and a Single Menu: Fiscal Decentralization in {{China}}},
  shorttitle = {Between Separate Stoves and a Single Menu},
  author = {Tsui, Kai-yuen and Wang, Youqiang},
  year = {2004},
  journal = {The China Quarterly},
  pages = {71--90},
  publisher = {{JSTOR}}
}

@article{WangYuLei2016,
  title = {数字下乡:农村精准扶贫中的技术治理},
  author = {王雨磊},
  year = {2016},
  journal = {社会学研究},
  volume = {31},
  number = {06},
  pages = {119-142+244},
  abstract = {数字下乡是技术治理在农村扶贫开发中的典型应用,通过将数字信息在地化、系统化和逻辑化,国家得以改善基层治理过程中的信息不对称,提高其信息能力,并实现对社会治理的合理优化。通过田野调查,本研究发现,由于数字生产链条过于漫长,数字的使用者和生产者难以面对面互动,而必须求助多重发包的数字生产体制。在这个生产体制中,数字技术的发包者、传递者、生产者和知情者的行动逻辑大相径庭,他们各不相同的行动目标和激励导致数字生产难以真正精准。而更为根本的是,数字下乡是国家向农村进行信息渗透、试图精准干预治理过程的后果,即数字悬浮于基层社会治理过程和村庄社会生活。},
  isbn = {1002-5936},
  lccn = {11-1100/C},
  keywords = {精准扶贫;数目字管理;技术治理;数字下乡;数字悬浮}
}

@article{Weyland2005,
  title = {Theories of Policy Diffusion Lessons from {{Latin American}} Pension Reform},
  author = {Weyland, Kurt},
  year = {2005},
  journal = {World politics},
  volume = {57},
  number = {2},
  pages = {262--295},
  publisher = {{Cambridge University Press}},
  isbn = {1086-3338}
}

@article{YangXueDong2012,
  title = {压力型体制: 一个概念的简明史},
  shorttitle = {压力型体制},
  author = {{杨雪冬}},
  year = {2012},
  journal = {社会科学},
  volume = {11},
  number = {4},
  pages = {12},
  file = {/Users/sunyufei/Zotero/storage/ZS85MF9T/MIT.html}
}

@book{YangXueDong2018,
  title = {{地方治理的逻辑}},
  author = {{杨雪冬}},
  year = {2018},
  publisher = {{社会科学文献出版社}},
  address = {{北京}},
  abstract = {Ben shu shi zuo zhe duo nian lai tong guo guang fan de tian ye diao cha,Gen zong di fang zheng zhi bian hua,Shi tu li jie qi bian hua de nei zai luo ji de chang shi.Quan shu fen wei"fa zhan yu chuang xin""ya li yu dong li""ge ren yu zhi du"san ge bu fen,Miao hui he fen xi le dang dai zhong guo di fang zhi li de bian hua guo cheng,Ying xiang yin su,Zhu yao te dian,Nei zai ji li yi ji yan jin fang xiang.},
  isbn = {978-7-5201-2021-0},
  langid = {chinese},
  annotation = {OCLC: 1097636079}
}

@article{YangXueDong2021,
  title = {疫情防控检验着共同体的韧性},
  author = {杨雪冬},
  year = {2021},
  month = feb,
  journal = {环球时报},
  pages = {015},
  publisher = {{环球时报}},
  lccn = {11-0215}
}

@article{YangYan2018,
  title = {Top-Level Design, Reform Pressures, and Local Adaptations: An Interpretation of the Trajectory of Reform since the 18th {{CPC Party Congress}}},
  shorttitle = {Top-Level Design, Reform Pressures, and Local Adaptations},
  author = {Yang, Xuedong and Yan, Jian},
  year = {2018},
  month = jan,
  journal = {Journal of Chinese Governance},
  volume = {3},
  number = {1},
  pages = {25--48},
  publisher = {{Routledge}},
  issn = {2381-2346},
  doi = {10.1080/23812346.2018.1428075},
  abstract = {Since the 18th Party Congress of the CPC, the Chinese leadership has emphasized `top-level design' in their strategic thinking on reform. In practice, they have attempted to dialectically combine `top-level design' with the approach of `crossing the river by feeling the stones'. Such efforts have led to the emergence of a range of decision-making, implementation and supervision institutions primarily aimed at implementing `top-level design'. With top-level decision makers demonstrating both ambition and a sense of urgency, the shift in reform strategies has also placed new pressures on local Party and government organizations, which have been forced to accordingly adjust their thinking and behavior. There are some tensions between the current top-down manner of institutionalization and the tradition of lower-level autonomy which began after the initiation of reform and opening up. How to translate such tensions into momentum for reform is an issue meriting further observation and analysis.},
  keywords = {加压系统,地方自治,改革压力,改革轨迹,顶层设计},
  annotation = {\_eprint: https://doi.org/10.1080/23812346.2018.1428075},
  file = {/Users/sunyufei/Zotero/storage/Q6DUCBMP/Yang 和 Yan - 2018 - Top-level design, reform pressures, and local adap.pdf}
}

@article{ZhangWenCui2021,
  title = {基层政府政绩目标设置博弈与压力型体制异化\textemdash\textemdash 基于北方七个地市的实地调研},
  author = {张文翠},
  year = {2021},
  month = jun,
  journal = {公共管理学报},
  pages = {1--12},
  abstract = {中国基层政府行为多由政绩目标引导,倘若所设目标偏离实际,往往酿成巨大施政压力,从而将压力型体制异化。对此,本文针对政绩目标设置,通过府际博弈分析框架,说明政绩目标最终为何偏离实际。基于北方某省七个地市的田野调研,本文分析基层政府上下级间的目标设置博弈,并藉此提炼出目标设置失当的信息汲取、评比标准、约束程度、诉求表达、对标绩效五项构成条件;进而利用定性比较分析(QCA)方法,系统考察上述条件的作用方式,分析通往基层政绩重压的生成机理。研究发现,各博弈条件相互耦合推高基层政绩压力,并依据条件的不同耦合程度,识别出了上下挤压型、总体控制型、信号传递失常型与风险规避型四种博弈失灵组态,同时发现博弈格局由激励相容的内部驱动力和信息沟通的外部驱动力共同塑造。本文厘清了压力型体制异化所孕育的博弈过程与条件组合,对改进考核目标设定、减轻基层负担有所助益。},
  isbn = {1672-6162},
  lccn = {23-1523/F},
  keywords = {基层政府;政绩考核;目标设置;上下博弈;压力型体制}
}

@article{ZhouFeiZhou2009,
  title = {锦标赛体制},
  author = {{周飞舟}},
  year = {2009},
  journal = {社会学研究},
  volume = {3},
  number = {5},
  pages = {4--77}
}

@article{ZhouFeiZhou2012,
  title = {财政资金的专项化及其问题\textemdash\textemdash 兼论 ``项目治国''},
  author = {{周飞舟}},
  year = {2012},
  journal = {社会},
  volume = {32},
  number = {1},
  pages = {1--37}
}

@phdthesis{ZhouLiAn2007,
  title = {中国地方官员的晋升锦标赛模式研究},
  author = {{周黎安}},
  year = {2007},
  file = {/Users/sunyufei/Zotero/storage/RCY7VATQ/周黎安 - 2007 - 中国地方官员的晋升锦标赛模式研究.pdf}
}

@article{ZhouLiAn2014,
  title = {再论行政发包制: 对评论人的回应},
  shorttitle = {再论行政发包制},
  author = {{周黎安}},
  year = {2014},
  journal = {社会},
  volume = {34},
  number = {6},
  pages = {98--113}
}

@article{ZhouLiAn2014a,
  title = {行政发包制},
  author = {{周黎安}},
  year = {2014},
  journal = {社会},
  volume = {34},
  number = {6},
  pages = {1--38}
}

@article{ZhouLiAn2016,
  title = {行政发包的组织边界 兼论 ``官吏分途'' 与 ``层级分流'' 现象.},
  author = {{周黎安}},
  year = {2016},
  journal = {Society: Chinese Journal of Sociology/Shehui},
  volume = {36},
  number = {1},
  file = {/Users/sunyufei/Zotero/storage/4U5XE3TW/周黎安 - 2016 - 行政发包的组织边界 兼论 “官吏分途” 与 “层级分流” 现象..pdf}
}

@article{ZhouLiAnEtAl2015,
  title = {``层层加码'' 与官员激励},
  author = {{周黎安} and {刘冲} and {厉行} and {翁翕}},
  year = {2015},
  journal = {世界经济文汇},
  volume = {1},
  number = {01},
  pages = {1--15}
}

@article{ZhouXueGuang2009,
  title = {基层政府间的 ``共谋现象''\textemdash\textemdash 一个政府行为的制度逻辑},
  author = {{周雪光}},
  year = {2009},
  journal = {开放时代},
  volume = {12},
  pages = {40--55},
  file = {/Users/sunyufei/Zotero/storage/Q5TGXWAL/MIT.html}
}

@article{ZhouXueGuangLianHong2012,
  title = {中国政府的治理模式: 一个 ``控制权'' 理论},
  shorttitle = {中国政府的治理模式},
  author = {{周雪光} and {练宏}},
  year = {2012},
  journal = {社会学研究},
  volume = {5},
  number = {69},
  pages = {r93},
  file = {/Users/sunyufei/Zotero/storage/DG57TDM9/周雪光 和 练宏 - 2012 - 中国政府的治理模式 一个 “控制权” 理论.pdf}
}

@article{ZhuGuangNanEtAl2012,
  title = {公务员公共服务动机对工作投入的影响研究},
  author = {{朱光楠} and {李敏} and {严敏}},
  year = {2012},
  journal = {公共行政评论}
}


